<?xml version="1.0" encoding="UTF-8"?><collection xmlns="http://www.loc.gov/MARC21/slim"><record><leader>00428nam--2200121-i-4500</leader><controlfield tag="001">000038179</controlfield><controlfield tag="002">20161230</controlfield><controlfield tag="005">20161230201041</controlfield><controlfield tag="008">060222s1000------------r-----000-0-eng-d</controlfield><datafield ind1=" " ind2=" " tag="080"><subfield code="a">621.38(061.3)</subfield></datafield><datafield ind1=" " ind2=" " tag="245"><subfield code="a">Realizari in domeniul electronicii profesionale. sesiune de comunicari stiintifice. ice.snagov-parc, 11-13 ix 1986.vol.6:proiectarea asistata de calculator in electronica</subfield></datafield><datafield ind1=" " ind2=" " tag="260"><subfield code="a">Bucuresti, Icsite, 1986</subfield></datafield><datafield ind1=" " ind2=" " tag="852"><subfield code="a">73295</subfield></datafield></record></collection>